%-----------------------------------------------------------------------------------------------------
% AUTHOR: Soumitra Samanta 
%-----------------------------------------------------------------------------------------------------

%-----------------------------------------------------------------------------------------------------------------------
% JOURNAL PAPER/ARTICLES
%-----------------------------------------------------------------------------------------------------------------------

@article{KPCA,
author = {S.Xie, A.T.Lawniczak,S.Krishnan,P.Lio},
title = {Wavelet Kernel Principal Component Analysis in noisy multiscale data classification},
journal = {ISRN Computational Mathematics},
volume = {259},
year = {2012},
pages ={4-6},
publisher={}
}

@article{Noises,
author = {T.You, Y.Hu, P.Li, Y.Tang},
title = {An improved imperialist competitive algorithm for global optimization},
journal = {Turkish Journal of Electrical Engineering and Computer Science},
year = {2019},
pages ={5-6},
publisher={}
}



